<record><leader>00000cas a22000007a 4500</leader><controlfield tag="001">213390718</controlfield><controlfield tag="008">080314d19uu1968iluwr ne      0    0eng d</controlfield><datafield ind1=" " ind2=" " tag="010"><subfield code="a">sn2008060412</subfield></datafield><datafield ind1=" " ind2=" " tag="040"><subfield code="a">NVF</subfield><subfield code="b">eng</subfield><subfield code="c">NVF</subfield><subfield code="d">OCLCQ</subfield></datafield><datafield ind1=" " ind2=" " tag="042"><subfield code="a">msc</subfield></datafield><datafield ind1=" " ind2=" " tag="043"><subfield code="a">n-us-il</subfield></datafield><datafield ind1="0" ind2="0" tag="245"><subfield code="a">Tower Hill times.</subfield></datafield><datafield ind1="1" ind2="3" tag="246"><subfield code="a">Combined issue of Herrick bulletin, Tower Hill times and Pana news-palladium</subfield></datafield><datafield ind1=" " ind2=" " tag="260"><subfield code="a">Tower Hill, Ill. :</subfield><subfield code="b">Wm. E. Feuerhan</subfield></datafield><datafield ind1=" " ind2=" " tag="300"><subfield code="a">v.</subfield></datafield><datafield ind1=" " ind2=" " tag="310"><subfield code="a">Weekly</subfield></datafield><datafield ind1="1" ind2=" " tag="362"><subfield code="a">Ceased in 1968.</subfield></datafield><datafield ind1=" " ind2=" " tag="500"><subfield code="a">Published combined issue with: Herrick bulletin and Pana news-palladium, Oct. 24, 1968.</subfield></datafield><datafield ind1=" " ind2=" " tag="580"><subfield code="a">Merged with: Herrick bulletin, to form: Tower Hill times-Herrick bulletin.</subfield></datafield><datafield ind1=" " ind2=" " tag="588"><subfield code="a">Description based on: Vol. 6, no. 49 (Sept. 7, 1927).</subfield></datafield><datafield ind1=" " ind2="4" tag="651"><subfield code="a">Tower Hill (Ill.)</subfield><subfield code="v">Newspapers.</subfield></datafield><datafield ind1=" " ind2=" " tag="752"><subfield code="a">United States</subfield><subfield code="b">Illinois</subfield><subfield code="c">Shelby</subfield><subfield code="d">Tower Hill.</subfield></datafield><datafield ind1="0" ind2=" " tag="777"><subfield code="t">Pana news-palladium</subfield><subfield code="w">(DLC)sn 90054837</subfield></datafield><datafield ind1="0" ind2=" " tag="777"><subfield code="t">Herrick bulletin</subfield><subfield code="w">(DLC)sn 90054823</subfield></datafield><datafield ind1="1" ind2="7" tag="785"><subfield code="t">Herrick bulletin</subfield><subfield code="w">(DLC)sn 90054823</subfield></datafield><datafield ind1="1" ind2="7" tag="785"><subfield code="t">Tower Hill times-Herrick bulletin</subfield><subfield code="w">(DLC)sn 90054824</subfield></datafield></record>